<record><leader>00000cas a22000007a 4500</leader><controlfield tag="001">9451588</controlfield><controlfield tag="008">830426d19061926ilucr ne      0   b0slo d</controlfield><datafield ind1=" " ind2=" " tag="010"><subfield code="a">sn 83045384 </subfield></datafield><datafield ind1=" " ind2=" " tag="040"><subfield code="a">CRL</subfield><subfield code="b">eng</subfield><subfield code="c">CRL</subfield><subfield code="d">NPW</subfield><subfield code="d">NPV</subfield><subfield code="d">NPW</subfield><subfield code="d">IUL</subfield><subfield code="d">OCLCQ</subfield><subfield code="d">OCLCF</subfield><subfield code="d">OCLCO</subfield></datafield><datafield ind1="1" ind2=" " tag="029"><subfield code="a">AU@</subfield><subfield code="b">000025812906</subfield></datafield><datafield ind1=" " ind2=" " tag="042"><subfield code="a">msc</subfield></datafield><datafield ind1=" " ind2=" " tag="043"><subfield code="a">n-us-il</subfield></datafield><datafield ind1="0" ind2="0" tag="245"><subfield code="a">Rovnost &#789;lu&#789;du.</subfield></datafield><datafield ind1="1" ind2="3" tag="246"><subfield code="a">Equality of people</subfield></datafield><datafield ind1=" " ind2=" " tag="260"><subfield code="a">Chicago, Ill. :</subfield><subfield code="b">Slovak Socialist Pub. Association</subfield></datafield><datafield ind1=" " ind2=" " tag="300"><subfield code="a">v. :</subfield><subfield code="b">ill. ;</subfield><subfield code="c">60 cm.</subfield></datafield><datafield ind1=" " ind2=" " tag="310"><subfield code="a">Semiweekly,</subfield><subfield code="b">1923-Apr. 1926</subfield></datafield><datafield ind1=" " ind2=" " tag="321"><subfield code="a">Weekly,</subfield><subfield code="b">Oct. 6, 1906-1922</subfield></datafield><datafield ind1="0" ind2=" " tag="362"><subfield code="a">-roc&#780;. 20, c&#780;i&#769;s. 34 (27. apr. 1926.).</subfield></datafield><datafield ind1="1" ind2=" " tag="362"><subfield code="a">Began Oct. 6, 1906.</subfield><subfield code="z">Cf. Gregory, W. Amer. newspapers.</subfield></datafield><datafield ind1=" " ind2=" " tag="500"><subfield code="a">Editor: &lt;Nov. 24, 1909-&gt; Fr. Klabi&#769;k; &lt;May 8, 1912-&gt; J. Matlocha; &lt;Mar. 5, 1919-&gt; S&#780;. Pri&#769;kopa; &lt;Jan. 8, 1924-&gt; J. Vrabel.</subfield></datafield><datafield ind1=" " ind2=" " tag="521"><subfield code="a">"Devoted to the interests of the laboring classes."</subfield></datafield><datafield ind1=" " ind2=" " tag="546"><subfield code="a">In Slovak.</subfield></datafield><datafield ind1=" " ind2=" " tag="550"><subfield code="a">&quot;Orga&#769;n Slovenskej socialistickej strany v Amerike,&quot;--Feb. 1921.</subfield></datafield><datafield ind1=" " ind2=" " tag="550"><subfield code="a">&quot;Orga&#769;n Slovenskej robotni&#769;ckej socialistickej federa&#769;cie,&quot; Mar. 1921-May 1925.</subfield></datafield><datafield ind1=" " ind2=" " tag="550"><subfield code="a">Published by the Slovak Section (later Czecho-Slovak Fraction) of the Workers Party of America, June 1925-Apr. 1926.</subfield></datafield><datafield ind1=" " ind2=" " tag="588"><subfield code="a">Description based on: Roc&#780;. 3, c&#780;i&#769;s. 45 (24 nov. 1909).</subfield></datafield><datafield ind1=" " ind2="0" tag="651"><subfield code="a">Chicago (Ill.)</subfield><subfield code="v">Newspapers.</subfield></datafield><datafield ind1=" " ind2="0" tag="650"><subfield code="a">Slovaks</subfield><subfield code="z">Illinois</subfield><subfield code="z">Chicago</subfield><subfield code="v">Newspapers.</subfield></datafield><datafield ind1=" " ind2="0" tag="650"><subfield code="a">Slovak Americans</subfield><subfield code="z">Illinois</subfield><subfield code="z">Chicago</subfield><subfield code="v">Newspapers.</subfield></datafield><datafield ind1=" " ind2="7" tag="655"><subfield code="a">Newspapers.</subfield><subfield code="2">fast</subfield><subfield code="0">(OCoLC)fst01423814</subfield></datafield><datafield ind1=" " ind2="7" tag="650"><subfield code="a">Slovak Americans.</subfield><subfield code="2">fast</subfield><subfield code="0">(OCoLC)fst01120985</subfield></datafield><datafield ind1=" " ind2="7" tag="650"><subfield code="a">Slovaks.</subfield><subfield code="2">fast</subfield><subfield code="0">(OCoLC)fst01121065</subfield></datafield><datafield ind1=" " ind2="7" tag="651"><subfield code="a">Illinois</subfield><subfield code="z">Chicago.</subfield><subfield code="2">fast</subfield><subfield code="0">(OCoLC)fst01204048</subfield></datafield><datafield ind1="1" ind2=" " tag="700"><subfield code="a">Klabi&#769;k,</subfield><subfield code="c">Father.</subfield></datafield><datafield ind1="1" ind2=" " tag="700"><subfield code="a">Matlocha, J.</subfield></datafield><datafield ind1="1" ind2=" " tag="700"><subfield code="a">Pri&#769;kopa, S&#780;tefan.</subfield></datafield><datafield ind1="1" ind2=" " tag="700"><subfield code="a">Vrabel, Jan.</subfield></datafield><datafield ind1="2" ind2=" " tag="710"><subfield code="a">Slovenska&#769; socialisticka&#769; strana v Amerike.</subfield></datafield><datafield ind1="2" ind2=" " tag="710"><subfield code="a">Slovenska&#769; robotni&#769;cka socialisticka&#769; federa&#769;cia v Amerike.</subfield></datafield><datafield ind1="2" ind2=" " tag="710"><subfield code="a">Workers Party of America.</subfield></datafield><datafield ind1=" " ind2=" " tag="752"><subfield code="a">United States</subfield><subfield code="b">Illinois</subfield><subfield code="c">Cook</subfield><subfield code="d">Chicago.</subfield></datafield><datafield ind1="0" ind2="0" tag="785"><subfield code="t">Denni&#769;k Rovnost &#789;lu&#789;du</subfield><subfield code="w">(DLC)sn 84024068</subfield></datafield></record>